<record><leader>00000cas a2200000 a 4500</leader><controlfield tag="001">28040884</controlfield><controlfield tag="008">930504d18661866iluir ne      0   a0eng c</controlfield><datafield ind1=" " ind2=" " tag="010"><subfield code="a">sn 93055649 </subfield></datafield><datafield ind1=" " ind2=" " tag="040"><subfield code="a">NVF</subfield><subfield code="b">eng</subfield><subfield code="c">NVF</subfield><subfield code="d">OCLCQ</subfield><subfield code="d">NVF</subfield><subfield code="d">OCLCF</subfield><subfield code="d">OCLCO</subfield></datafield><datafield ind1="1" ind2=" " tag="029"><subfield code="a">AU@</subfield><subfield code="b">000020739935</subfield></datafield><datafield ind1=" " ind2=" " tag="042"><subfield code="a">pcc</subfield></datafield><datafield ind1=" " ind2=" " tag="043"><subfield code="a">n-us-il</subfield></datafield><datafield ind1="0" ind2="0" tag="245"><subfield code="a">Cairo tri-weekly times.</subfield></datafield><datafield ind1="1" ind2="3" tag="246"><subfield code="a">Tri-weekly Cairo times</subfield></datafield><datafield ind1="1" ind2="0" tag="246"><subfield code="a">Cairo times</subfield></datafield><datafield ind1="3" ind2=" " tag="246"><subfield code="a">Cairo tri weekly times</subfield></datafield><datafield ind1="3" ind2=" " tag="246"><subfield code="a">Cairo triweekly times</subfield></datafield><datafield ind1="3" ind2=" " tag="246"><subfield code="a">Tri weekly Cairo times</subfield></datafield><datafield ind1="3" ind2=" " tag="246"><subfield code="a">Triweekly Cairo times</subfield></datafield><datafield ind1=" " ind2=" " tag="260"><subfield code="a">Cairo [Ill.] :</subfield><subfield code="b">H.L. Goodall</subfield></datafield><datafield ind1=" " ind2=" " tag="300"><subfield code="a">v.</subfield></datafield><datafield ind1=" " ind2=" " tag="310"><subfield code="a">Triweekly</subfield></datafield><datafield ind1="1" ind2=" " tag="362"><subfield code="a">Began in Apr. 1866. Ceased in 1866.</subfield></datafield><datafield ind1=" " ind2=" " tag="500"><subfield code="a">"Tri-weekly" appears in small type above masthead ornament.</subfield></datafield><datafield ind1=" " ind2=" " tag="580"><subfield code="a">Daily ed.: Cairo evening times, &lt;Apr. 1866&gt;.</subfield></datafield><datafield ind1=" " ind2=" " tag="588"><subfield code="a">Description based on: New ser., v. 1, no. 293 (Apr. 17, 1866) = War Eagle ser., v. 3, no. 293.</subfield></datafield><datafield ind1=" " ind2=" " tag="588"><subfield code="a">Latest issue consulted: New ser., v. 1, no. 293 (Apr. 17, 1866) = War Eagle ser., v. 3, no. 293.</subfield></datafield><datafield ind1=" " ind2="0" tag="651"><subfield code="a">Cairo (Ill.)</subfield><subfield code="v">Newspapers.</subfield></datafield><datafield ind1=" " ind2="7" tag="655"><subfield code="a">Newspapers.</subfield><subfield code="2">fast</subfield><subfield code="0">(OCoLC)fst01423814</subfield></datafield><datafield ind1=" " ind2="7" tag="651"><subfield code="a">Illinois</subfield><subfield code="z">Cairo.</subfield><subfield code="2">fast</subfield><subfield code="0">(OCoLC)fst01217110</subfield></datafield><datafield ind1=" " ind2=" " tag="752"><subfield code="a">United States</subfield><subfield code="b">Illinois</subfield><subfield code="c">Alexander</subfield><subfield code="d">Cairo.</subfield></datafield><datafield ind1="1" ind2=" " tag="775"><subfield code="t">Cairo evening times</subfield><subfield code="w">(DLC)sn 84038364</subfield><subfield code="w">(OCoLC)11282299</subfield></datafield></record>